@article {MR1512371,
    AUTHOR = {Vietoris, L.},
     TITLE = {\"{U}ber den h\"{o}heren {Z}usammenhang kompakter {R}\"{a}ume und eine
              {K}lasse von zusammenhangstreuen {A}bbildungen},
   JOURNAL = {Math. Ann.},
  FJOURNAL = {Mathematische Annalen},
    VOLUME = {97},
      YEAR = {1927},
    NUMBER = {1},
     PAGES = {454--472},
      ISSN = {0025-5831},
   MRCLASS = {DML},
  MRNUMBER = {1512371},
       DOI = {10.1007/BF01447877},
       URL = {https://doi.org/10.1007/BF01447877},
}

@article{Douglas.1931,
    AUTHOR = {Douglas, Jesse},
     TITLE = {A method of numerical solution of the problem of {P}lateau},
   JOURNAL = {Ann. of Math. (2)},
  FJOURNAL = {Annals of Mathematics. Second Series},
    VOLUME = {29},
      YEAR = {1927/28},
    NUMBER = {1-4},
     PAGES = {180--188},
      ISSN = {0003-486X},
   MRCLASS = {DML},
  MRNUMBER = {1502829},
       DOI = {10.2307/1967991},
       URL = {https://doi.org/10.2307/1967991},
}

@article{Morse.1937,
    AUTHOR = {Morse, Marston},
     TITLE = {Functional topology and abstract variational theory},
   JOURNAL = {Ann. of Math. (2)},
  FJOURNAL = {Annals of Mathematics. Second Series},
    VOLUME = {38},
      YEAR = {1937},
    NUMBER = {2},
     PAGES = {386--449},
      ISSN = {0003-486X},
   MRCLASS = {DML},
  MRNUMBER = {1503341},
       DOI = {10.2307/1968559},
       URL = {https://doi.org/10.2307/1968559},
}

@book{Morse.1938,
    author = {Morse, Marston},
  keywords = {Topology},
  language = {eng},
 publisher = {Gauthier-Villars},
     title = {Functional topology and abstract variational theory},
       url = {http://eudml.org/doc/192613},
      year = {1938},
}

@article{Morse.1939,
    AUTHOR = {Morse, Marston and Tompkins, C.},
     TITLE = {The existence of minimal surfaces of general critical types},
   JOURNAL = {Ann. of Math. (2)},
  FJOURNAL = {Annals of Mathematics. Second Series},
    VOLUME = {40},
      YEAR = {1939},
    NUMBER = {2},
     PAGES = {443--472},
      ISSN = {0003-486X},
   MRCLASS = {DML},
  MRNUMBER = {1503471},
       DOI = {10.2307/1968932},
       URL = {https://doi.org/10.2307/1968932},
}


@article{Morse.1940,
    AUTHOR = {Morse, Marston},
     TITLE = {Rank and span in functional topology},
   JOURNAL = {Ann. of Math. (2)},
  FJOURNAL = {Annals of Mathematics. Second Series},
    VOLUME = {41},
      YEAR = {1940},
     PAGES = {419--454},
      ISSN = {0003-486X},
   MRCLASS = {56.0X},
  MRNUMBER = {1927},
MRREVIEWER = {P. A. Smith},
       DOI = {10.2307/1969014},
       URL = {https://doi.org/10.2307/1969014},
}

@article{Morse.1941,
    AUTHOR = {Morse, Marston and Tompkins, C.},
     TITLE = {Unstable minimal surfaces of higher topological structure},
   JOURNAL = {Duke Math. J.},
  FJOURNAL = {Duke Mathematical Journal},
    VOLUME = {8},
      YEAR = {1941},
     PAGES = {350--375},
      ISSN = {0012-7094},
   MRCLASS = {49.0X},
  MRNUMBER = {4744},
MRREVIEWER = {C. B. Morrey, Jr.},
       URL = {http://projecteuclid.org/euclid.dmj/1077492651},
}

@article {Eilenberg.1944,
    AUTHOR = {Eilenberg, Samuel},
     TITLE = {Singular homology theory},
   JOURNAL = {Ann. of Math. (2)},
  FJOURNAL = {Annals of Mathematics. Second Series},
    VOLUME = {45},
      YEAR = {1944},
     PAGES = {407--447},
      ISSN = {0003-486X},
   MRCLASS = {56.0X},
  MRNUMBER = {10970},
MRREVIEWER = {P. A. Smith},
       DOI = {10.2307/1969185},
       URL = {https://doi.org/10.2307/1969185},
}

@article {MR37832,
    AUTHOR = {Azumaya, Gor\^{o}},
     TITLE = {Corrections and supplementaries to my paper concerning
              {K}rull-{R}emak-{S}chmidt's theorem},
   JOURNAL = {Nagoya Math. J.},
  FJOURNAL = {Nagoya Mathematical Journal},
    VOLUME = {1},
      YEAR = {1950},
     PAGES = {117--124},
      ISSN = {0027-7630},
   MRCLASS = {09.1X},
  MRNUMBER = {37832},
MRREVIEWER = {I. Kaplansky},
       URL = {http://projecteuclid.org/euclid.nmj/1118764711},
}

@book {MR0050886,
    AUTHOR = {Eilenberg, Samuel and Steenrod, Norman},
     TITLE = {Foundations of algebraic topology},
 PUBLISHER = {Princeton University Press, Princeton, New Jersey},
      YEAR = {1952},
     PAGES = {xv+328},
   MRCLASS = {56.0X},
  MRNUMBER = {0050886},
MRREVIEWER = {H. Cartan},
       URL = {https://doi.org/10.1515/9781400877492},
}

@article{Dowker.1952,
    AUTHOR = {Dowker, C. H.},
     TITLE = {Homology groups of relations},
   JOURNAL = {Ann. of Math. (2)},
  FJOURNAL = {Annals of Mathematics. Second Series},
    VOLUME = {56},
      YEAR = {1952},
     PAGES = {84--95},
      ISSN = {0003-486X},
   MRCLASS = {56.0X},
  MRNUMBER = {48030},
MRREVIEWER = {E. H. Spanier},
       DOI = {10.2307/1969768},
       URL = {https://doi.org/10.2307/1969768},
}

@article{Barratt.1962,
    AUTHOR = {Barratt, M. G. and Milnor, John},
     TITLE = {An example of anomalous singular homology},
   JOURNAL = {Proc. Amer. Math. Soc.},
  FJOURNAL = {Proceedings of the American Mathematical Society},
    VOLUME = {13},
      YEAR = {1962},
     PAGES = {293--297},
      ISSN = {0002-9939},
   MRCLASS = {55.30},
  MRNUMBER = {137110},
MRREVIEWER = {S.-T. Hu},
       DOI = {10.2307/2034486},
       URL = {https://doi.org/10.2307/2034486},
}

@book {MR0163331,
    AUTHOR = {Milnor, J.},
     TITLE = {Morse theory},
    SERIES = {Based on lecture notes by M. Spivak and R. Wells. Annals of
              Mathematics Studies, No. 51},
 PUBLISHER = {Princeton University Press, Princeton, N.J.},
      YEAR = {1963},
     PAGES = {vi+153},
   MRCLASS = {57.50 (53.72)},
  MRNUMBER = {0163331},
MRREVIEWER = {H. I. Levine},
       URL = {https://doi.org/10.1515/9781400881802}
}

@article{Bott.1980,
    AUTHOR = {Bott, Raoul},
     TITLE = {Marston {M}orse and his mathematical works},
   JOURNAL = {Bull. Amer. Math. Soc. (N.S.)},
  FJOURNAL = {American Mathematical Society. Bulletin. New Series},
    VOLUME = {3},
      YEAR = {1980},
    NUMBER = {3},
     PAGES = {907--950},
      ISSN = {0273-0979},
   MRCLASS = {01A70 (49-03 57-03 58-03)},
  MRNUMBER = {585177},
MRREVIEWER = {R. S. Millman},
       DOI = {10.1090/S0273-0979-1980-14824-7},
       URL = {https://doi.org/10.1090/S0273-0979-1980-14824-7},
}

@book{Struwe.1988,
    AUTHOR = {Struwe, Michael},
     TITLE = {Plateau's problem and the calculus of variations},
    SERIES = {Mathematical Notes},
    VOLUME = {35},
 PUBLISHER = {Princeton University Press, Princeton, NJ},
      YEAR = {1988},
     PAGES = {x+148},
      ISBN = {0-691-08510-2},
   MRCLASS = {58E12 (49F10 53A10 58E05)},
  MRNUMBER = {992402},
MRREVIEWER = {Helmut Kaul},
       URL = {https://jstor.org/stable/j.ctt7zv371.8}
}

@book {Bredon.1997,
    AUTHOR = {Bredon, Glen E.},
     TITLE = {Sheaf theory},
    SERIES = {Graduate Texts in Mathematics},
    VOLUME = {170},
   EDITION = {Second},
 PUBLISHER = {Springer-Verlag, New York},
      YEAR = {1997},
     PAGES = {xii+502},
      ISBN = {0-387-94905-4},
   MRCLASS = {55N30 (18F20 54B40 55-02)},
  MRNUMBER = {1481706},
       DOI = {10.1007/978-1-4612-0647-7},
       URL = {https://doi.org/10.1007/978-1-4612-0647-7},
}

@incollection {MR1702944,
    AUTHOR = {Salamon, Dietmar},
     TITLE = {Lectures on {F}loer homology},
 BOOKTITLE = {Symplectic geometry and topology ({P}ark {C}ity, {UT}, 1997)},
    SERIES = {IAS/Park City Math. Ser.},
    VOLUME = {7},
     PAGES = {143--229},
 PUBLISHER = {Amer. Math. Soc., Providence, RI},
      YEAR = {1999},
   MRCLASS = {53D40 (37J45 53D45 57R17 57R58)},
  MRNUMBER = {1702944},
MRREVIEWER = {David E. Hurtubise},
       DOI = {10.1016/S0165-2427(99)00127-0},
       URL = {https://doi.org/10.1016/S0165-2427(99)00127-0},
}

@article {MR2279866,
    AUTHOR = {Cohen-Steiner, David and Edelsbrunner, Herbert and Harer,
              John},
     TITLE = {Stability of persistence diagrams},
   JOURNAL = {Discrete Comput. Geom.},
  FJOURNAL = {Discrete \& Computational Geometry. An International Journal
              of Mathematics and Computer Science},
    VOLUME = {37},
      YEAR = {2007},
    NUMBER = {1},
     PAGES = {103--120},
      ISSN = {0179-5376},
   MRCLASS = {68U05 (55N05)},
  MRNUMBER = {2279866},
       DOI = {10.1007/s00454-006-1276-5},
       URL = {https://doi.org/10.1007/s00454-006-1276-5},
}

@inproceedings{10.1145/1542362.1542407,
author = {Chazal, Fr\'{e}d\'{e}ric and Cohen-Steiner, David and Glisse, Marc and Guibas, Leonidas J. and Oudot, Steve Y.},
title = {Proximity of Persistence Modules and Their Diagrams},
year = {2009},
isbn = {9781605585017},
publisher = {Association for Computing Machinery},
address = {New York, NY, USA},
url = {https://doi.org/10.1145/1542362.1542407},
doi = {10.1145/1542362.1542407},
booktitle = {Proceedings of the Twenty-Fifth Annual Symposium on Computational Geometry},
pages = {237â€“246},
numpages = {10},
keywords = {topological data analysis, topological persistence, discretization, persistence diagram, stability},
location = {Aarhus, Denmark},
series = {SCG '09}
}

@book {MR2566897,
    AUTHOR = {Dierkes, Ulrich and Hildebrandt, Stefan and Sauvigny, Friedrich},
     TITLE = {Minimal surfaces},
    SERIES = {Grundlehren der Mathematischen Wissenschaften},
    VOLUME = {339},
   EDITION = {second},
 PUBLISHER = {Springer, Heidelberg},
      YEAR = {2010},
     PAGES = {xvi+688},
      ISBN = {978-3-642-11697-1},
   MRCLASS = {49-02 (49Q05 53A10 58E12)},
  MRNUMBER = {2566897},
MRREVIEWER = {Andrew Bucki},
       DOI = {10.1007/978-3-642-11698-8},
       URL = {https://doi.org/10.1007/978-3-642-11698-8},
}

@article {Crawley-Boevey.2015,
    AUTHOR = {Crawley-Boevey, William},
     TITLE = {Decomposition of pointwise finite-dimensional persistence modules},
   JOURNAL = {J. Algebra Appl.},
  FJOURNAL = {Journal of Algebra and its Applications},
    VOLUME = {14},
      YEAR = {2015},
    NUMBER = {5},
     PAGES = {1550066, 8},
      ISSN = {0219-4988},
   MRCLASS = {16G20},
  MRNUMBER = {3323327},
MRREVIEWER = {M\'{a}ty\'{a}s Domokos},
       DOI = {10.1142/S0219498815500668},
       URL = {https://doi.org/10.1142/S0219498815500668},
}

@book {MR3408277,
    AUTHOR = {Oudot, Steve Y.},
     TITLE = {Persistence theory: from quiver representations to data
              analysis},
    SERIES = {Mathematical Surveys and Monographs},
    VOLUME = {209},
 PUBLISHER = {American Mathematical Society, Providence, RI},
      YEAR = {2015},
     PAGES = {viii+218},
      ISBN = {978-1-4704-2545-6},
   MRCLASS = {55N35 (16G20 55U10 62-07 68U05)},
  MRNUMBER = {3408277},
MRREVIEWER = {Patrizio Frosini},
       DOI = {10.1090/surv/209},
       URL = {https://doi.org/10.1090/surv/209},
}

@article {MR3333456,
    AUTHOR = {Bauer, Ulrich and Lesnick, Michael},
     TITLE = {Induced matchings and the algebraic stability of persistence
              barcodes},
   JOURNAL = {J. Comput. Geom.},
  FJOURNAL = {Journal of Computational Geometry},
    VOLUME = {6},
      YEAR = {2015},
    NUMBER = {2},
     PAGES = {162--191},
   MRCLASS = {16G30 (55N35 68U05)},
  MRNUMBER = {3333456},
MRREVIEWER = {Massimo Ferri},
}

@article {Chazal.2016b,
    AUTHOR = {Chazal, Fr\'{e}d\'{e}ric and Crawley-Boevey, William and de Silva,
              Vin},
     TITLE = {The observable structure of persistence modules},
   JOURNAL = {Homology Homotopy Appl.},
  FJOURNAL = {Homology, Homotopy and Applications},
    VOLUME = {18},
      YEAR = {2016},
    NUMBER = {2},
     PAGES = {247--265},
      ISSN = {1532-0073},
   MRCLASS = {55U05 (55N99)},
  MRNUMBER = {3575998},
MRREVIEWER = {Ne\v{z}a Mramor Kosta},
       DOI = {10.4310/HHA.2016.v18.n2.a14},
       URL = {https://doi.org/10.4310/HHA.2016.v18.n2.a14},
}

@book {Chazal.2016a,
    AUTHOR = {Chazal, Fr\'{e}d\'{e}ric and de Silva, Vin and Glisse, Marc and Oudot,
              Steve},
     TITLE = {The structure and stability of persistence modules},
    SERIES = {SpringerBriefs in Mathematics},
 PUBLISHER = {Springer, [Cham]},
      YEAR = {2016},
     PAGES = {x+120},
      ISBN = {978-3-319-42543-6; 978-3-319-42545-0},
   MRCLASS = {55N10 (16G20 55U10)},
  MRNUMBER = {3524869},
MRREVIEWER = {Henry Hugh Adams},
       DOI = {10.1007/978-3-319-42545-0},
       URL = {https://doi.org/10.1007/978-3-319-42545-0},
}

@book{polterovich2020topological,
  title={Topological Persistence in Geometry and Analysis},
  author={Polterovich, L. and Rosen, D. and Samvelyan, K. and Zhang, J.},
  isbn={9781470454951},
  lccn={2019059052},
  series={University Lecture Series},
  url={https://books.google.de/books?id=YbNjzQEACAAJ},
  year={2020},
  publisher={American Mathematical Society}
}

@unpublished{schmahl2020structure,
      title={Structure of Semi-Continuous Q-Tame Persistence Modules}, 
      author={Maximilian Schmahl},
      year={2021},
      eprint={2008.09493},
      archivePrefix={arXiv},
      primaryClass={math.RT},
      note={To appear in \textit{Homology Homotopy Appl.}}
}