@article {Morse.1936,
    AUTHOR = {Morse, Marston},
     TITLE = {A special parameterization of curves},
   JOURNAL = {Bull. Amer. Math. Soc.},
  FJOURNAL = {Bulletin of the American Mathematical Society},
    VOLUME = {42},
      YEAR = {1936},
    NUMBER = {12},
     PAGES = {915--922},
      ISSN = {0002-9904},
   MRCLASS = {DML},
  MRNUMBER = {1563464},
       DOI = {10.1090/S0002-9904-1936-06466-9},
       URL = {https://doi-org.ubproxy.ub.uni-heidelberg.de/10.1090/S0002-9904-1936-06466-9},
}

@article {Courant.1941,
    AUTHOR = {Courant, Richard},
     TITLE = {Critical points and unstable minimal surfaces},
   JOURNAL = {Proc. Nat. Acad. Sci. U.S.A.},
  FJOURNAL = {Proceedings of the National Academy of Sciences of the United
              States of America},
    VOLUME = {27},
      YEAR = {1941},
     PAGES = {51--57},
      ISSN = {0027-8424},
   MRCLASS = {49.0X},
  MRNUMBER = {3484},
MRREVIEWER = {C. B. Morrey, Jr.},
       DOI = {10.1073/pnas.27.1.51},
       URL = {https://doi.org/10.1073/pnas.27.1.51},
}

@book {Morse.1996,
    AUTHOR = {Morse, Marston},
     TITLE = {The calculus of variations in the large},
    SERIES = {American Mathematical Society Colloquium Publications},
    VOLUME = {18},
      NOTE = {Reprint of the 1932 original},
 PUBLISHER = {American Mathematical Society, Providence, RI},
      YEAR = {1996},
     PAGES = {xii+368},
      ISBN = {0-8218-1018-9},
   MRCLASS = {58E30 (01A75 49-03 58-03)},
  MRNUMBER = {1451874},
MRREVIEWER = {Caio J. C. Negreiros},
       DOI = {10.1090/coll/018},
       URL = {https://doi.org/10.1090/coll/018},
}

@article {Morse.1925,
    AUTHOR = {Morse, Marston},
     TITLE = {Relations between the critical points of a real function of
              {$n$} independent variables},
   JOURNAL = {Trans. Amer. Math. Soc.},
  FJOURNAL = {Transactions of the American Mathematical Society},
    VOLUME = {27},
      YEAR = {1925},
    NUMBER = {3},
     PAGES = {345--396},
      ISSN = {0002-9947},
   MRCLASS = {49K10 (26B10)},
  MRNUMBER = {1501318},
       DOI = {10.2307/1989110},
       URL = {https://doi.org/10.2307/1989110},
}

@article{Cagliari.2011,
title = {Finiteness of rank invariants of multidimensional persistent homology groups},
journal = {Applied Mathematics Letters},
volume = {24},
number = {4},
pages = {516-518},
year = {2011},
issn = {0893-9659},
doi = {https://doi.org/10.1016/j.aml.2010.11.004},
url = {https://www.sciencedirect.com/science/article/pii/S0893965910004118},
author = {Francesca Cagliari and Claudia Landi},
keywords = {Persistent topology, Shape analysis, Betti numbers, Euclidean neighborhood retract},
abstract = {Rank invariants of multidimensional persistent homology groups are a parameterized version of Betti numbers of a space multi-filtered by a continuous vector-valued function. In this note we give a sufficient condition for their finiteness. This condition is sharp for spaces embeddable in Rn.}
}


@article {Schmahl.2021,
      title={Structure of semi-continuous q-tame persistence modules}, 
      author={Maximilian Schmahl},
   JOURNAL = {Homology Homotopy Appl.},
  FJOURNAL = {Homology, Homotopy and Applications},
    VOLUME = {24},
      YEAR = {2022},
    NUMBER = {1},
     PAGES = {117--128},
       DOI = {10.4310/HHA.2022.v24.n1.a6},
       URL = {https://dx.doi.org/10.4310/HHA.2022.v24.n1.a6},
}

@article {Milnor.1962,
    AUTHOR = {Milnor, J.},
     TITLE = {On axiomatic homology theory},
   JOURNAL = {Pacific J. Math.},
  FJOURNAL = {Pacific Journal of Mathematics},
    VOLUME = {12},
      YEAR = {1962},
     PAGES = {337--341},
      ISSN = {0030-8730},
   MRCLASS = {55.30},
  MRNUMBER = {159327},
MRREVIEWER = {A. Heller},
       URL = {http://projecteuclid.org/euclid.pjm/1103036730},
}

@article {Eda.2000,
    AUTHOR = {Eda, Katsuya and Kawamura, Kazuhiro},
     TITLE = {The surjectivity of the canonical homomorphism from singular
              homology to \v{C}ech homology},
   JOURNAL = {Proc. Amer. Math. Soc.},
  FJOURNAL = {Proceedings of the American Mathematical Society},
    VOLUME = {128},
      YEAR = {2000},
    NUMBER = {5},
     PAGES = {1487--1495},
      ISSN = {0002-9939},
   MRCLASS = {55N05},
  MRNUMBER = {1712917},
MRREVIEWER = {Francisco R. Ruiz del Portal},
       DOI = {10.1090/S0002-9939-99-05670-1},
       URL = {https://doi.org/10.1090/S0002-9939-99-05670-1},
}

@book {Hatcher.2002,
    AUTHOR = {Hatcher, Allen},
     TITLE = {Algebraic topology},
 PUBLISHER = {Cambridge University Press, Cambridge},
      YEAR = {2002},
     PAGES = {xii+544},
      ISBN = {0-521-79540-0},
   MRCLASS = {55-01 (55-00)},
  MRNUMBER = {1867354},
MRREVIEWER = {Donald W. Kahn},
}

@book {Munkres.2000,
    AUTHOR = {Munkres, James R.},
     TITLE = {Topology},
      NOTE = {Second edition of [ MR0464128]},
 PUBLISHER = {Prentice Hall, Inc., Upper Saddle River, NJ},
      YEAR = {2000},
     PAGES = {xvi+537},
      ISBN = {0-13-181629-2},
   MRCLASS = {54-01},
  MRNUMBER = {3728284},
}

@book {Lefschetz.1942,
    AUTHOR = {Lefschetz, Solomon},
     TITLE = {Algebraic {T}opology},
    SERIES = {American Mathematical Society Colloquium Publications, Vol.
              27},
 PUBLISHER = {American Mathematical Society, New York},
      YEAR = {1942},
     PAGES = {vi+389},
   MRCLASS = {56.0X},
  MRNUMBER = {0007093},
MRREVIEWER = {H. Whitney},
}

@article {Polterovich.2016,
    AUTHOR = {Polterovich, Leonid and Shelukhin, Egor},
     TITLE = {Autonomous {H}amiltonian flows, {H}ofer's geometry and
              persistence modules},
   JOURNAL = {Selecta Math. (N.S.)},
  FJOURNAL = {Selecta Mathematica. New Series},
    VOLUME = {22},
      YEAR = {2016},
    NUMBER = {1},
     PAGES = {227--296},
      ISSN = {1022-1824},
   MRCLASS = {53D05 (37K05)},
  MRNUMBER = {3437837},
MRREVIEWER = {Karl Friedrich Siburg},
       DOI = {10.1007/s00029-015-0201-2},
       URL = {https://doi.org/10.1007/s00029-015-0201-2},
}

@article {Usher.2016,
    AUTHOR = {Usher, Michael and Zhang, Jun},
     TITLE = {Persistent homology and {F}loer--{N}ovikov theory},
   JOURNAL = {Geom. Topol.},
  FJOURNAL = {Geometry \& Topology},
    VOLUME = {20},
      YEAR = {2016},
    NUMBER = {6},
     PAGES = {3333--3430},
      ISSN = {1465-3060},
   MRCLASS = {53D40 (55U15)},
  MRNUMBER = {3590354},
MRREVIEWER = {Sonja Hohloch},
       DOI = {10.2140/gt.2016.20.3333},
       URL = {https://doi.org/10.2140/gt.2016.20.3333},
}

@article {Shelukhin.2019,
    AUTHOR = {Shelukhin, Egor},
     TITLE = {On the {H}ofer--{Z}ehnder conjecture},
   JOURNAL = {Ann. of Math. (2)},
  FJOURNAL = {Annals of Mathematics. Second Series},
    VOLUME = {195},
      YEAR = {2022},
    NUMBER = {3},
     PAGES = {775--839},
      ISSN = {0003-486X},
   MRCLASS = {53D40},
  MRNUMBER = {4413744},
       DOI = {10.4007/annals.2022.195.3.1},
       URL = {https://doi.org/10.4007/annals.2022.195.3.1},
}

@article {LeRoux.2018,
    AUTHOR = {Le Roux, Fr\'{e}d\'{e}ric and Seyfaddini, Sobhan and Viterbo, Claude},
     TITLE = {Barcodes and area-preserving homeomorphisms},
   JOURNAL = {Geom. Topol.},
  FJOURNAL = {Geometry \& Topology},
    VOLUME = {25},
      YEAR = {2021},
    NUMBER = {6},
     PAGES = {2713--2825},
      ISSN = {1465-3060},
   MRCLASS = {37E30 (53D05 53D40)},
  MRNUMBER = {4347306},
       DOI = {10.2140/gt.2021.25.2713},
       URL = {https://doi.org/10.2140/gt.2021.25.2713},
}

@article {Vietoris.1927,
    AUTHOR = {Vietoris, L.},
     TITLE = {\"{U}ber den h\"{o}heren {Z}usammenhang kompakter {R}\"{a}ume und eine
              {K}lasse von zusammenhangstreuen {A}bbildungen},
   JOURNAL = {Math. Ann.},
  FJOURNAL = {Mathematische Annalen},
    VOLUME = {97},
      YEAR = {1927},
    NUMBER = {1},
     PAGES = {454--472},
      ISSN = {0025-5831},
   MRCLASS = {DML},
  MRNUMBER = {1512371},
       DOI = {10.1007/BF01447877},
       URL = {https://doi.org/10.1007/BF01447877},
}

@article{Douglas.1931,
    AUTHOR = {Douglas, Jesse},
     TITLE = {Solution of the problem of {P}lateau},
   JOURNAL = {Trans. Amer. Math. Soc.},
  FJOURNAL = {Transactions of the American Mathematical Society},
    VOLUME = {33},
      YEAR = {1931},
    NUMBER = {1},
     PAGES = {263--321},
      ISSN = {0002-9947},
   MRCLASS = {53A10 (49Q20)},
  MRNUMBER = {1501590},
       DOI = {10.2307/1989472},
       URL = {https://doi.org/10.2307/1989472},
}

@article{Morse.1937,
    AUTHOR = {Morse, Marston},
     TITLE = {Functional topology and abstract variational theory},
   JOURNAL = {Ann. of Math. (2)},
  FJOURNAL = {Annals of Mathematics. Second Series},
    VOLUME = {38},
      YEAR = {1937},
    NUMBER = {2},
     PAGES = {386--449},
      ISSN = {0003-486X},
   MRCLASS = {DML},
  MRNUMBER = {1503341},
       DOI = {10.2307/1968559},
       URL = {https://doi.org/10.2307/1968559},
}

@book{Morse.1938,
    author = {Morse, Marston},
  keywords = {Topology},
  language = {eng},
 publisher = {Gauthier-Villars},
     title = {Functional topology and abstract variational theory},
       url = {http://eudml.org/doc/192613},
      year = {1938},
}

@article{Morse.1939,
    AUTHOR = {Morse, Marston and Tompkins, C.},
     TITLE = {The existence of minimal surfaces of general critical types},
   JOURNAL = {Ann. of Math. (2)},
  FJOURNAL = {Annals of Mathematics. Second Series},
    VOLUME = {40},
      YEAR = {1939},
    NUMBER = {2},
     PAGES = {443--472},
      ISSN = {0003-486X},
   MRCLASS = {DML},
  MRNUMBER = {1503471},
       DOI = {10.2307/1968932},
       URL = {https://doi.org/10.2307/1968932},
}

@article {Morse.1943,
    AUTHOR = {Morse, Marston},
     TITLE = {Functional topology},
   JOURNAL = {Bull. Amer. Math. Soc.},
  FJOURNAL = {Bulletin of the American Mathematical Society},
    VOLUME = {49},
      YEAR = {1943},
     PAGES = {144--149},
      ISSN = {0002-9904},
   MRCLASS = {49.0X},
  MRNUMBER = {9102},
MRREVIEWER = {C. B. Tompkins},
       DOI = {10.1090/S0002-9904-1943-07879-2},
       URL = {https://doi.org/10.1090/S0002-9904-1943-07879-2},
}

@article{Morse.1940,
    AUTHOR = {Morse, Marston},
     TITLE = {Rank and span in functional topology},
   JOURNAL = {Ann. of Math. (2)},
  FJOURNAL = {Annals of Mathematics. Second Series},
    VOLUME = {41},
      YEAR = {1940},
     PAGES = {419--454},
      ISSN = {0003-486X},
   MRCLASS = {56.0X},
  MRNUMBER = {1927},
MRREVIEWER = {P. A. Smith},
       DOI = {10.2307/1969014},
       URL = {https://doi.org/10.2307/1969014},
}

@article{Morse.1941,
    AUTHOR = {Morse, Marston and Tompkins, C.},
     TITLE = {Unstable minimal surfaces of higher topological structure},
   JOURNAL = {Duke Math. J.},
  FJOURNAL = {Duke Mathematical Journal},
    VOLUME = {8},
      YEAR = {1941},
     PAGES = {350--375},
      ISSN = {0012-7094},
   MRCLASS = {49.0X},
  MRNUMBER = {4744},
MRREVIEWER = {C. B. Morrey, Jr.},
       URL = {https://doi.org/10.1215/S0012-7094-41-00828-1},
       DOI = {10.1215/S0012-7094-41-00828-1}
}

@article {Eilenberg.1944,
    AUTHOR = {Eilenberg, Samuel},
     TITLE = {Singular homology theory},
   JOURNAL = {Ann. of Math. (2)},
  FJOURNAL = {Annals of Mathematics. Second Series},
    VOLUME = {45},
      YEAR = {1944},
     PAGES = {407--447},
      ISSN = {0003-486X},
   MRCLASS = {56.0X},
  MRNUMBER = {10970},
MRREVIEWER = {P. A. Smith},
       DOI = {10.2307/1969185},
       URL = {https://doi.org/10.2307/1969185},
}

@article {Azumaya.1950,
    AUTHOR = {Azumaya, Gor\^{o}},
     TITLE = {Corrections and supplementaries to my paper concerning
              {K}rull-{R}emak-{S}chmidt's theorem},
   JOURNAL = {Nagoya Math. J.},
  FJOURNAL = {Nagoya Mathematical Journal},
    VOLUME = {1},
      YEAR = {1950},
     PAGES = {117--124},
      ISSN = {0027-7630},
   MRCLASS = {09.1X},
  MRNUMBER = {37832},
MRREVIEWER = {I. Kaplansky},
       URL = {http://projecteuclid.org/euclid.nmj/1118764711},
}

@book {Eilenberg.1952,
    AUTHOR = {Eilenberg, Samuel and Steenrod, Norman},
     TITLE = {Foundations of algebraic topology},
 PUBLISHER = {Princeton University Press, Princeton, New Jersey},
      YEAR = {1952},
     PAGES = {xv+328},
   MRCLASS = {56.0X},
  MRNUMBER = {0050886},
MRREVIEWER = {H. Cartan},
       URL = {https://doi.org/10.1515/9781400877492},
}

@article{Dowker.1952,
    AUTHOR = {Dowker, C. H.},
     TITLE = {Homology groups of relations},
   JOURNAL = {Ann. of Math. (2)},
  FJOURNAL = {Annals of Mathematics. Second Series},
    VOLUME = {56},
      YEAR = {1952},
     PAGES = {84--95},
      ISSN = {0003-486X},
   MRCLASS = {56.0X},
  MRNUMBER = {48030},
MRREVIEWER = {E. H. Spanier},
       DOI = {10.2307/1969768},
       URL = {https://doi.org/10.2307/1969768},
}

@article{Barratt.1962,
    AUTHOR = {Barratt, M. G. and Milnor, John},
     TITLE = {An example of anomalous singular homology},
   JOURNAL = {Proc. Amer. Math. Soc.},
  FJOURNAL = {Proceedings of the American Mathematical Society},
    VOLUME = {13},
      YEAR = {1962},
     PAGES = {293--297},
      ISSN = {0002-9939},
   MRCLASS = {55.30},
  MRNUMBER = {137110},
MRREVIEWER = {S.-T. Hu},
       DOI = {10.2307/2034486},
       URL = {https://doi.org/10.2307/2034486},
}

@book {Milnor.1963,
    AUTHOR = {Milnor, J.},
     TITLE = {Morse theory},
    SERIES = {Based on lecture notes by M. Spivak and R. Wells. Annals of
              Mathematics Studies, No. 51},
 PUBLISHER = {Princeton University Press, Princeton, N.J.},
      YEAR = {1963},
     PAGES = {vi+153},
   MRCLASS = {57.50 (53.72)},
  MRNUMBER = {0163331},
MRREVIEWER = {H. I. Levine},
       URL = {https://doi.org/10.1515/9781400881802}
}

@article{Bott.1980,
    AUTHOR = {Bott, Raoul},
     TITLE = {Marston {M}orse and his mathematical works},
   JOURNAL = {Bull. Amer. Math. Soc. (N.S.)},
  FJOURNAL = {American Mathematical Society. Bulletin. New Series},
    VOLUME = {3},
      YEAR = {1980},
    NUMBER = {3},
     PAGES = {907--950},
      ISSN = {0273-0979},
   MRCLASS = {01A70 (49-03 57-03 58-03)},
  MRNUMBER = {585177},
MRREVIEWER = {R. S. Millman},
       DOI = {10.1090/S0273-0979-1980-14824-7},
       URL = {https://doi.org/10.1090/S0273-0979-1980-14824-7},
}

@article{Hildebrandt.1985,
  title={Calculus of variations today, reflected in the Oberwolfach meetings},
  author={Hildebrandt, S},
  journal={Perspective in Mathematics, Anniversary of Oberwolfach 1984},
  year={1985}
}

@book{Struwe.1988,
    AUTHOR = {Struwe, Michael},
     TITLE = {Plateau's problem and the calculus of variations},
    SERIES = {Mathematical Notes},
    VOLUME = {35},
 PUBLISHER = {Princeton University Press, Princeton, NJ},
      YEAR = {1988},
     PAGES = {x+148},
      ISBN = {0-691-08510-2},
   MRCLASS = {58E12 (49F10 53A10 58E05)},
  MRNUMBER = {992402},
MRREVIEWER = {Helmut Kaul},
       URL = {https://jstor.org/stable/j.ctt7zv371.8}
}

@book {Bredon.1997,
    AUTHOR = {Bredon, Glen E.},
     TITLE = {Sheaf theory},
    SERIES = {Graduate Texts in Mathematics},
    VOLUME = {170},
   EDITION = {2},
 PUBLISHER = {Springer-Verlag, New York},
      YEAR = {1997},
     PAGES = {xii+502},
      ISBN = {0-387-94905-4},
   MRCLASS = {55N30 (18F20 54B40 55-02)},
  MRNUMBER = {1481706},
       DOI = {10.1007/978-1-4612-0647-7},
       URL = {https://doi.org/10.1007/978-1-4612-0647-7},
}

@incollection {Salamon.1999,
    AUTHOR = {Salamon, Dietmar},
     TITLE = {Lectures on {F}loer homology},
 BOOKTITLE = {Symplectic geometry and topology ({P}ark {C}ity, {UT}, 1997)},
    SERIES = {IAS/Park City Math. Ser.},
    VOLUME = {7},
     PAGES = {143--229},
 PUBLISHER = {Amer. Math. Soc., Providence, RI},
      YEAR = {1999},
   MRCLASS = {53D40 (37J45 53D45 57R17 57R58)},
  MRNUMBER = {1702944},
MRREVIEWER = {David E. Hurtubise},
       DOI = {10.1016/S0165-2427(99)00127-0},
       URL = {https://doi.org/10.1016/S0165-2427(99)00127-0},
}

@article {Cohen-Steiner.2007,
    AUTHOR = {Cohen-Steiner, David and Edelsbrunner, Herbert and Harer,
              John},
     TITLE = {Stability of persistence diagrams},
   JOURNAL = {Discrete Comput. Geom.},
  FJOURNAL = {Discrete \& Computational Geometry. An International Journal
              of Mathematics and Computer Science},
    VOLUME = {37},
      YEAR = {2007},
    NUMBER = {1},
     PAGES = {103--120},
      ISSN = {0179-5376},
   MRCLASS = {68U05 (55N05)},
  MRNUMBER = {2279866},
       DOI = {10.1007/s00454-006-1276-5},
       URL = {https://doi.org/10.1007/s00454-006-1276-5},
}

@inproceedings{Chazal.2009,
	author = {Chazal, Fr\'{e}d\'{e}ric and Cohen-Steiner, David and Glisse, Marc and Guibas, Leonidas J. and Oudot, Steve Y.},
	title = {Proximity of Persistence Modules and Their Diagrams},
	year = {2009},
	isbn = {9781605585017},
	publisher = {Association for Computing Machinery},
	address = {New York, NY, USA},
	url = {https://doi.org/10.1145/1542362.1542407},
	doi = {10.1145/1542362.1542407},
	booktitle = {Proceedings of the Twenty-Fifth Annual Symposium on Computational Geometry},
	pages = {237–246},
	numpages = {10},
	keywords = {topological data analysis, topological persistence, discretization, persistence diagram, stability},
	location = {Aarhus, Denmark},
	series = {SCG '09}
}

@book {Dierkes.2010,
    AUTHOR = {Dierkes, Ulrich and Hildebrandt, Stefan and Sauvigny, Friedrich},
     TITLE = {Minimal surfaces},
    SERIES = {Grundlehren der Mathematischen Wissenschaften},
    VOLUME = {339},
   EDITION = {2},
 PUBLISHER = {Springer, Heidelberg},
      YEAR = {2010},
     PAGES = {xvi+688},
      ISBN = {978-3-642-11697-1},
   MRCLASS = {49-02 (49Q05 53A10 58E12)},
  MRNUMBER = {2566897},
MRREVIEWER = {Andrew Bucki},
       DOI = {10.1007/978-3-642-11698-8},
       URL = {https://doi.org/10.1007/978-3-642-11698-8},
}

@article {Crawley-Boevey.2015,
    AUTHOR = {Crawley-Boevey, William},
     TITLE = {Decomposition of pointwise finite-dimen\-sional persistence modules},
   JOURNAL = {J. Algebra Appl.},
  FJOURNAL = {Journal of Algebra and its Applications},
    VOLUME = {14},
      YEAR = {2015},
    NUMBER = {5},
     PAGES = {1550066, 8},
      ISSN = {0219-4988},
   MRCLASS = {16G20},
  MRNUMBER = {3323327},
MRREVIEWER = {M\'{a}ty\'{a}s Domokos},
       DOI = {10.1142/S0219498815500668},
       URL = {https://doi.org/10.1142/S0219498815500668},
}

@book {Oudot.2015,
    AUTHOR = {Oudot, Steve Y.},
     TITLE = {Persistence theory: from quiver representations to data
              analysis},
    SERIES = {Mathematical Surveys and Monographs},
    VOLUME = {209},
 PUBLISHER = {American Mathematical Society, Providence, RI},
      YEAR = {2015},
     PAGES = {viii+218},
      ISBN = {978-1-4704-2545-6},
   MRCLASS = {55N35 (16G20 55U10 62-07 68U05)},
  MRNUMBER = {3408277},
MRREVIEWER = {Patrizio Frosini},
       DOI = {10.1090/surv/209},
       URL = {https://doi.org/10.1090/surv/209},
}

@article {Bauer.2015,
    AUTHOR = {Bauer, Ulrich and Lesnick, Michael},
     TITLE = {Induced matchings and the algebraic stability of persistence
              barcodes},
   JOURNAL = {J. Comput. Geom.},
  FJOURNAL = {Journal of Computational Geometry},
    VOLUME = {6},
      YEAR = {2015},
    NUMBER = {2},
     PAGES = {162--191},
   MRCLASS = {16G30 (55N35 68U05)},
  MRNUMBER = {3333456},
MRREVIEWER = {Massimo Ferri},
       DOI = {10.20382/jocg.v6i2a9},
       URL = {https://doi.org/10.20382/jocg.v6i2a9},
}

@article {Chazal.2016b,
    AUTHOR = {Chazal, Fr\'{e}d\'{e}ric and Crawley-Boevey, William and de Silva,
              Vin},
     TITLE = {The observable structure of persistence modules},
   JOURNAL = {Homology Homotopy Appl.},
  FJOURNAL = {Homology, Homotopy and Applications},
    VOLUME = {18},
      YEAR = {2016},
    NUMBER = {2},
     PAGES = {247--265},
      ISSN = {1532-0073},
   MRCLASS = {55U05 (55N99)},
  MRNUMBER = {3575998},
MRREVIEWER = {Ne\v{z}a Mramor Kosta},
       DOI = {10.4310/HHA.2016.v18.n2.a14},
       URL = {https://doi.org/10.4310/HHA.2016.v18.n2.a14},
}

@book {Chazal.2016a,
    AUTHOR = {Chazal, Fr\'{e}d\'{e}ric and de Silva, Vin and Glisse, Marc and Oudot,
              Steve},
     TITLE = {The structure and stability of persistence modules},
    SERIES = {SpringerBriefs in Mathematics},
 PUBLISHER = {Springer},
      YEAR = {2016},
     PAGES = {x+120},
      ISBN = {978-3-319-42543-6},
   MRCLASS = {55N10 (16G20 55U10)},
  MRNUMBER = {3524869},
MRREVIEWER = {Henry Hugh Adams},
       DOI = {10.1007/978-3-319-42545-0},
       URL = {https://doi.org/10.1007/978-3-319-42545-0},
}

@article {Chazal.2014,
    AUTHOR = {Chazal, Fr\'{e}d\'{e}ric and de Silva, Vin and Oudot, Steve},
     TITLE = {Persistence stability for geometric complexes},
   JOURNAL = {Geom. Dedicata},
  FJOURNAL = {Geometriae Dedicata},
    VOLUME = {173},
      YEAR = {2014},
     PAGES = {193--214},
      ISSN = {0046-5755},
   MRCLASS = {55N35 (55U10)},
  MRNUMBER = {3275299},
MRREVIEWER = {Peter Bubenik},
       DOI = {10.1007/s10711-013-9937-z},
       URL = {https://doi.org/10.1007/s10711-013-9937-z},
}

@book{Polterovich.2020,
  title={Topological Persistence in Geometry and Analysis},
  author={Polterovich, L. and Rosen, D. and Samvelyan, K. and Zhang, J.},
  isbn={9781470454951},
  lccn={2019059052},
  series={University Lecture Series},
  url={https://doi.org/10.1090/ulect/074},
  doi={10.1090/ulect/074},
  year={2020},
  publisher={American Mathematical Society}
}

@book {Wilder.1949,
    AUTHOR = {Wilder, Raymond Louis},
     TITLE = {Topology of {M}anifolds},
    SERIES = {American Mathematical Society Colloquium Publications, Vol.
              32},
 PUBLISHER = {American Mathematical Society, New York, N. Y.},
      YEAR = {1949},
     PAGES = {ix+402},
   MRCLASS = {56.0X},
  MRNUMBER = {0029491},
MRREVIEWER = {E. G. Begle},
       url = {https://doi.org/10.1090/coll/032}
}


@misc{Marques.2020,
      title={Morse inequalities for the area functional}, 
      author={Fernando C. Marques and Rafael Montezuma and André Neves},
      year={2020},
      eprint={2003.01301},
      archivePrefix={arXiv},
      primaryClass={math.DG}
}

@article {Struwe.1984,
    AUTHOR = {Struwe, Michael},
     TITLE = {On a critical point theory for minimal surfaces spanning a
              wire in {${\mathbb R}\sp{n}$}},
   JOURNAL = {J. Reine Angew. Math.},
  FJOURNAL = {Journal f\"{u}r die Reine und Angewandte Mathematik. [Crelle's
              Journal]},
    VOLUME = {349},
      YEAR = {1984},
     PAGES = {1--23},
      ISSN = {0075-4102},
   MRCLASS = {58E12 (49F10 53A10)},
  MRNUMBER = {743962},
MRREVIEWER = {Autorreferat},
       DOI = {10.1515/crll.1984.349.1},
       URL = {https://doi.org/10.1515/crll.1984.349.1},
}

@article {Marques.2021,
    AUTHOR = {Marques, Fernando C. and Neves, Andr\'{e}},
     TITLE = {Morse theory for the area functional},
   JOURNAL = {S\~{a}o Paulo J. Math. Sci.},
  FJOURNAL = {S\~{a}o Paulo Journal of Mathematical Sciences},
    VOLUME = {15},
      YEAR = {2021},
    NUMBER = {1},
     PAGES = {268--279},
      ISSN = {1982-6907},
   MRCLASS = {49Q05 (49Q15 58E12)},
  MRNUMBER = {4258897},
       DOI = {10.1007/s40863-019-00159-y},
       URL = {https://doi.org/10.1007/s40863-019-00159-y},
}

@incollection {Tromba.1987,
    AUTHOR = {Tromba, Anthony J.},
     TITLE = {A proof of {D}ouglas' theorem on the existence of disc-like
              minimal surfaces spanning {J}ordan contours on {${\bf R}^n$}},
      NOTE = {Th\'{e}orie des vari\'{e}t\'{e}s minimales et applications (Palaiseau,
              1983--1984)},
   JOURNAL = {Ast\'{e}risque},
  FJOURNAL = {Ast\'{e}risque},
    NUMBER = {154-155},
      YEAR = {1987},
     PAGES = {7, 39--50, 349 (1988)},
      ISSN = {0303-1179},
   MRCLASS = {53A10 (58E12)},
  MRNUMBER = {955058},
}

@book {Dierkes.2010b,
    AUTHOR = {Dierkes, Ulrich and Hildebrandt, Stefan and Tromba, Anthony
              J.},
     TITLE = {Global analysis of minimal surfaces},
    SERIES = {Grundlehren der Mathematischen Wissenschaften [Fundamental
              Principles of Mathematical Sciences]},
    VOLUME = {341},
   EDITION = {2},
 PUBLISHER = {Springer, Heidelberg},
      YEAR = {2010},
     PAGES = {xvi+537},
      ISBN = {978-3-642-11705-3},
   MRCLASS = {49-02 (30C20 49Q05 53A10)},
  MRNUMBER = {2778928},
MRREVIEWER = {Andrew Bucki},
       DOI = {10.1007/978-3-642-11706-0},
       URL = {https://doi.org/10.1007/978-3-642-11706-0},
}

@book {Jost.1991,
    AUTHOR = {Jost, J\"{u}rgen},
     TITLE = {Two-dimensional geometric variational problems},
    SERIES = {Pure and Applied Mathematics (New York)},
      NOTE = {A Wiley-Interscience Publication},
 PUBLISHER = {John Wiley \& Sons, Ltd., Chichester},
      YEAR = {1991},
     PAGES = {x+236},
      ISBN = {0-471-92839-9},
   MRCLASS = {58E12 (32G15 49Q05 58-02 58E20)},
  MRNUMBER = {1100926},
MRREVIEWER = {Wei Yue Ding},
}

@incollection {Jost.1993,
    AUTHOR = {Jost, J\"{u}rgen},
     TITLE = {Unstable solutions of two-dimensional geometric variational
              problems},
 BOOKTITLE = {Differential geometry: partial differential equations on
              manifolds ({L}os {A}ngeles, {CA}, 1990)},
    SERIES = {Proc. Sympos. Pure Math.},
    VOLUME = {54},
     PAGES = {205--244},
 PUBLISHER = {Amer. Math. Soc., Providence, RI},
      YEAR = {1993},
   MRCLASS = {58E05 (49Q15 53C42 58E10 58E12)},
  MRNUMBER = {1216586},
MRREVIEWER = {H. R. Gluck},
       DOI = {10.1090/pspum/054.1/1216586},
       URL = {https://doi.org/10.1090/pspum/054.1/1216586},
}

@article {Montezuma.2020,
    AUTHOR = {Montezuma, Rafael},
     TITLE = {A mountain pass theorem for minimal hypersurfaces with fixed
              boundary},
   JOURNAL = {Calc. Var. Partial Differential Equations},
  FJOURNAL = {Calculus of Variations and Partial Differential Equations},
    VOLUME = {59},
      YEAR = {2020},
    NUMBER = {6},
     PAGES = {Paper No. 188, 30},
      ISSN = {0944-2669},
   MRCLASS = {58E12 (49Q05 53C20 58E05)},
  MRNUMBER = {4160865},
MRREVIEWER = {Futoshi Takahashi},
       DOI = {10.1007/s00526-020-01853-y},
       URL = {https://doi.org/10.1007/s00526-020-01853-y},
}

@article {Jost.1990,
    AUTHOR = {Jost, J. and Struwe, M.},
     TITLE = {Morse--{C}onley theory for minimal surfaces of varying
              topological type},
   JOURNAL = {Invent. Math.},
  FJOURNAL = {Inventiones Mathematicae},
    VOLUME = {102},
      YEAR = {1990},
    NUMBER = {3},
     PAGES = {465--499},
      ISSN = {0020-9910},
   MRCLASS = {58E12 (53A10)},
  MRNUMBER = {1074484},
MRREVIEWER = {Helmut Kaul},
       DOI = {10.1007/BF01233437},
       URL = {https://doi.org/10.1007/BF01233437},
}

@article {Weinberger.2011,
    AUTHOR = {Weinberger, Shmuel},
     TITLE = {What is{$\ldots$} persistent homology?},
   JOURNAL = {Notices Amer. Math. Soc.},
  FJOURNAL = {Notices of the American Mathematical Society},
    VOLUME = {58},
      YEAR = {2011},
    NUMBER = {1},
     PAGES = {36--39},
      ISSN = {0002-9920},
   MRCLASS = {57M07 (52B55)},
  MRNUMBER = {2777589},
       URL = {https://www.ams.org/journals/notices/201101/rtx110100036p.pdf},
}

@article {Kelly.1961,
    AUTHOR = {Kelly, G. M.},
     TITLE = {The exactness of \v{C}ech homology over a vector space},
   JOURNAL = {Proc. Cambridge Philos. Soc.},
  FJOURNAL = {Proceedings of the Cambridge Philosophical Society},
    VOLUME = {57},
      YEAR = {1961},
     PAGES = {428--429},
      ISSN = {0008-1981},
   MRCLASS = {55.30},
  MRNUMBER = {123312},
MRREVIEWER = {E. C. Zeeman},
       DOI = {10.1017/s0305004100035398},
       URL = {https://doi.org/10.1017/s0305004100035398},
}

@book {tomDieck.2008,
    AUTHOR = {tom Dieck, Tammo},
     TITLE = {Algebraic topology},
    SERIES = {EMS Textbooks in Mathematics},
 PUBLISHER = {European Mathematical Society (EMS), Z\"{u}rich},
      YEAR = {2008},
     PAGES = {xii+567},
      ISBN = {978-3-03719-048-7},
   MRCLASS = {55-01},
  MRNUMBER = {2456045},
MRREVIEWER = {Donald M. Davis},
       DOI = {10.4171/048},
       URL = {https://doi.org/10.4171/048},
}